

@BOOK{Binney2008,
       author = {{Binney}, James and {Tremaine}, Scott},
        title = "{Galactic Dynamics}",
         year = "2008",
       adsurl = {https://ui.adsabs.harvard.edu/abs/2008gady.book.....B},
      adsnote = {Provided by the SAO/NASA Astrophysics Data System},
    publisher = {Princeton University Press},
      edition = {2nd}
}

@ARTICLE{Dehnen1998,
       author = {{Dehnen}, Walter and {Binney}, James},
        title = "{Mass models of the Milky Way}",
      journal = {Mon. Not. Royal Astron. Soc.},
     keywords = {Milky Way Galaxy, Galactic Mass, Astronomical Models, Galactic Structure, Mass Distribution, Galactic Halos, Luminosity, Density Distribution, Astrophysics, GALAXY: KINEMATICS AND DYNAMICS, GALAXY: STRUCTURE, Astrophysics},
         year = 1998,
        month = mar,
       volume = {294},
       number = {3},
        pages = {429-438},
          doi = {10.1046/j.1365-8711.1998.01282.x},
archivePrefix = {arXiv},
       eprint = {astro-ph/9612059},
 primaryClass = {astro-ph},
       adsurl = {https://ui.adsabs.harvard.edu/abs/1998MNRAS.294..429D},
      adsnote = {Provided by the SAO/NASA Astrophysics Data System}
}

@ARTICLE{McMillan2017,
       author = {{McMillan}, Paul J.},
        title = "{The mass distribution and gravitational potential of the Milky Way}",
      journal = {Mon. Not. Royal Astron. Soc.},
     keywords = {methods: statistical, Galaxy: fundamental parameters, Galaxy: kinematics and dynamics, Galaxy: structure, Astrophysics - Astrophysics of Galaxies},
         year = 2017,
        month = feb,
       volume = {465},
       number = {1},
        pages = {76-94},
          doi = {10.1093/mnras/stw2759},
archivePrefix = {arXiv},
       eprint = {1608.00971},
 primaryClass = {astro-ph.GA},
       adsurl = {https://ui.adsabs.harvard.edu/abs/2017MNRAS.465...76M},
      adsnote = {Provided by the SAO/NASA Astrophysics Data System}
}
